2842 4808
250 429 485 515 CNUTONIS
512 429 650 506 REGlS
677 430 840 506 Gustu.
873 430 1010 505 LIBER
1038 431 1095 504 lll.
1170 433 1217 506 37

126 641 236 707 nocte
265 637 398 707 eodem
432 634 721 708 Hardecnutone
755 632 791 704 in
830 641 947 706 stratu
985 631 1218 730 quiescente,
1231 650 1310 724 tous.

125 732 300 806 divinitus
327 738 511 833 quaedam
536 735 745 808 ostenditur
762 733 870 831 visio,
897 757 993 831 quae
1019 757 1105 807 eum
1132 756 1218 804 con-

124 834 269 909 fortans
298 846 336 908 et
361 835 561 909 consolans
586 834 670 908 forti
689 836 790 908 iubet
807 858 894 908 esse
914 834 1050 907 animo.
1087 835 1218 906 Horta-

124 944 185 1007 tur
203 946 377 1033 preterea
392 959 440 1008 ne
455 941 501 1010 ab
516 936 665 1035 incepto
680 935 892 1030 desisteret,
911 935 996 1033 quia
1013 958 1217 1033 paucorum

124 1036 270 1109 dierum
307 1036 503 1110 intervallo
531 1036 690 1110 iniustus
717 1035 825 1134 regni
852 1036 1008 1109 invasor.
1034 1035 1219 1108 Haroldus

126 1135 271 1209 scilicet
301 1136 502 1234 occideret,
536 1149 574 1210 et
597 1161 756 1235 regnum
783 1135 911 1234 patriis
937 1136 1077 1210 viribus
1105 1134 1220 1207 domi·

125 1246 204 1308 tum
233 1236 301 1310 sibi
327 1236 425 1312 insto
452 1238 581 1311 heredi
608 1237 814 1311 iustissima
841 1237 1086 1310 successione
1120 1236 1219 1308 inco-

126 1338 227 1410 lume
246 1337 395 1413 rediret.

204 1441 260 1512 10.
303 1437 494 1535 Evigilans
528 1437 640 1535 igitur
673 1436 881 1510 somniator
913 1437 1049 1511 talibus
1080 1435 1218 1508 inditiis

127 1538 265 1611 certior
290 1536 343 1635 fit,
371 1549 408 1612 et
432 1540 510 1612 Deo
538 1538 783 1635 omnipotenti
805 1549 929 1612 tantae
950 1536 1217 1611 consolationis

126 1662 240 1711 causa
266 1634 406 1735 gratias
432 1639 611 1711 reddidit¹
645 1634 832 1736 simulque
858 1641 979 1711 lutura
1004 1639 1218 1711 nullatenus

125 1739 279 1836 dubitat,
298 1763 395 1836 quae
414 1740 483 1813 sibi
502 1749 711 1811 memorata
729 1739 824 1811 visio
851 1739 1073 1836 predixerat.
1107 1737 1219 1811 Deni-

125 1863 198 1937 que
225 1839 340 1912 maris
368 1839 422 1911 ira
451 1849 582 1937 pacata
610 1840 786 1936 omnique
817 1849 1046 1937 tempestate
1075 1842 1219 1936 sedata,

125 1939 317 2038 prosperis
336 1938 484 2013 llatibus
512 1940 617 2013 sinus
645 1941 770 2038 pandit
797 1941 984 2035 velorum,
1011 1939 1142 2037 sicque
1161 1963 1220 2012 se-

125 2043 246 2114 cundo
274 2064 366 2113 usus
401 2064 535 2135 cursu,
573 2044 617 2112 ad
652 2041 888 2136 brugensem
922 2064 1010 2114 sese
1042 2039 1220 2138 applicuit

125 2151 286 2238 portum.
337 2141 406 2213 llic
439 2142 614 2214 anchoris
647 2143 873 2238 rudibusque
910 2140 1065 2213 navibus
1098 2139 1219 2213 allixis

124 2252 163 2315 et
186 2240 310 2314 nautis
338 2241 398 2338 qui
427 2265 493 2314 eas
521 2252 716 2314 servarent
743 2240 941 2338 expeditis,
966 2251 1068 2314 recta
1096 2265 1139 2314 se
1159 2240 1217 2313 via

124 2366 211 2414 cum
229 2342 384 2415 delectis
404 2341 956 2440 adhospiciumdirigitmatris.
984 2341 1113 2429 Qualis
1126 2365 1217 2438 ergo

124 2466 252 2516 meror
269 2442 464 2539 qualisque
483 2443 599 2515 letitia
619 2443 655 2514 in
678 2442 757 2516 eius
773 2445 934 2515 adventu
949 2441 1060 2514 fuerit
1076 2452 1218 2534 exortu,

124 2542 226 2616 nulla
252 2542 318 2616 tibi
345 2567 522 2641 umquam
549 2542 748 2641 explicabit
771 2542 920 2639 pagina.
968 2543 1084 2615 Dolor
1120 2544 1217 2614 haud

123 2644 293 2716 modicus
313 2645 531 2739 habebatur,
564 2647 651 2716 dum
680 2643 715 2715 iu
740 2643 842 2715 vultu
872 2643 953 2715 eius
980 2642 1116 2715 ferciem
1134 2666 1218 2739 per·

125 2745 267 2843 emptib
285 2753 408 2816 mater
422 2747 581 2842 quadarn
597 2743 864 2841 imaginatione
881 2744 1217 2840 contemplaretur,
1279 2794 1282 2800 -

123 2844 214 2917 item
233 2845 369 2942 gaudio
389 2869 527 2941 magno
547 2848 746 2940 gaudebat,
774 2846 860 2916 duru
882 2846 1125 2935 superstitem
1146 2844 1218 2916 sal·

123 2946 362 3019 vumadesse
373 2944 441 3018 sibi
454 2945 611 3017 videbat.
637 2946 742 3017 Unde
759 2944 905 3018 viscera
916 2943 1219 3017 diviuaemiseri·

125 3045 275 3118 cordiae
300 3070 342 3118 se
369 3045 512 3119 sciebat
540 3043 744 3143 respicere,
773 3069 857 3117 curn
877 3046 1043 3117 nondum
1062 3045 1127 3117 tali
1145 3045 1219 3134 fru-

124 3155 309 3219 straretur
327 3147 522 3218 solamine.
558 3146 635 3218 Nec
661 3146 774 3242 longe
794 3156 879 3243 post
897 3144 972 3217 filio
992 3170 1077 3218 curn
1098 3156 1218 3217 matre

125 3256 296 3318 morante
312 3257 593 3320 etmemoratae
606 3245 762 3320 visionis
777 3246 966 3343 promissa
981 3255 1218 3344 expectante,

125 3347 242 3419 nuntii
267 3346 341 3419 leta
367 3348 534 3421 ferentes
562 3347 690 3419 nuntia
716 3350 932 3443 adventant,
960 3347 1021 3444 qui
1046 3345 1218 3419 videlicet

121 3447 325 3521 Haroldum
351 3458 540 3520 mortuum
569 3446 789 3541 nuntiant³²,
816 3445 878 3546 qui
903 3448 1016 3519 etiarn
1035 3447 1308 3542 referunt,Mnr.

120 3547 300 3644 Anglicos
328 3547 363 3620 ei
388 3548 575 3646 principes
595 3549 693 3622 nolle
712 3547 916 3644 adversari,
943 3550 1010 3620 sed
1030 3541 1272 3619 multimo·¹⁷·

125 3648 180 3721 dis
199 3647 475 3722 iubilationibus
496 3648 564 3723 sibi
585 3648 785 3740 conletari3
811 3651 909 3721 unde
927 3672 1088 3745 regnum
1107 3648 1217 3720 here-

123 3749 254 3821 ditario
274 3751 353 3822 iure
373 3749 442 3824 sibi
461 3750 625 3823 debitum
645 3773 719 3821 nou
739 3748 963 3846 dedignetur
980 3758 1153 3846 repetere
1180 3757 1218 3820 et

124 3873 216 3923 suae
231 3849 400 3947 dignitati
416 3874 621 3949 eorumque
641 3850 751 3924 saluti
770 3849 872 3922 iuxta
890 3848 926 3921 in
946 3848 1113 3922 medium
1132 3872 1218 3921 con·

125 3949 262 4023 sulere.
321 4018 324 4025 .

124 4106 150 4170 a)
171 4120 334 4175 emensoque
355 4104 421 4158 mari
441 4108 475 4158 nd
495 4114 604 4157 matrem
625 4104 747 4174 peruenit
766 4103 909 4173 eidemque
919 4103 1005 4157 risum
1014 4103 1133 4174 exponit.
1162 4098 1218 4157 Nec

124 4176 203 4246 longe
223 4187 281 4247 post
300 4177 391 4230 nuncii
410 4178 462 4231 lete
481 4180 574 4232 mediis
592 4181 696 4232 omittis
713 4177 742 4230 2.
817 4177 844 4246 bl
864 4176 952 4229 fratris
972 4178 1047 4231 undu
1064 4176 1091 4229 2.

123 4266 175 4349 32)
199 4268 237 4328 cl.
261 4268 371 4329 ddami
396 4268 570 4331 Bremensis
594 4269 613 4331 l.
637 4268 673 4332 ll.
697 4286 722 4331 c.
746 4269 797 4332 72.
821 4285 891 4347 pag.
915 4267 987 4333 332.
