2842 4808
231 440 282 511 28
358 436 596 512 exitionis
621 435 761 510 iscis
787 436 953 511 essm
989 437 1130 511 trust
1155 438 1199 512 ll

138 657 220 710 ιιιιε.
230 641 330 737 quod
348 640 553 712 moriturus
569 650 653 712 erat
669 639 706 710 in
724 641 866 711 mundo
884 651 924 712 et
939 640 1139 712 relicturus
1152 663 1327 738 quaeque

231 751 394 838 possunt
410 741 627 838 concupisci
644 741 683 812 iu
701 740 853 833 seculo;
872 752 910 812 et
919 745 967 814 ob
976 743 1052 813 boc
1063 740 1217 814 divicias
1231 765 1326 838 quas

231 864 366 912 secum
398 841 568 939 nequivit
599 841 767 914 moriens
798 842 970 935 auferre,
1010 842 1142 914 circus
1172 841 1255 913 Deo
1290 852 1326 912 et

231 942 375 1014 sanctis
392 942 476 1014 eius
493 941 587 1015 locis
604 942 763 1039 partitus
781 953 843 1014 cst
858 943 1086 1014 honorilice:
1111 966 1161 1014 ue
1178 944 1276 1013 forte
1294 941 1326 1014 si

231 1043 419 1114 avariciae
441 1045 625 1115 studeret.
649 1043 824 1116 omuibus
841 1043 988 1116 inrisus
1005 1045 1163 1138 vireret,
1188 1041 1329 1114 nullus·

231 1168 308 1242 que
334 1153 440 1216 esset
465 1144 528 1240 qui
552 1144 636 1215 eius
661 1144 814 1216 animae
839 1143 978 1241 aliquid
1001 1144 1090 1217 boui
1112 1153 1258 1237 oraret,
1291 1152 1330 1215 et

232 1246 329 1317 alius
353 1245 389 1316 ei
415 1247 650 1337 succederet,
677 1244 740 1340 qui
766 1244 804 1314 in
828 1248 910 1316 eius
935 1269 1057 1340 reguo
1080 1245 1210 1342 largus
1226 1243 1329 1315 vive·

231 1355 293 1417 ret
309 1347 413 1418 etde
430 1346 514 1418 eius
531 1345 714 1442 parcitate
730 1345 1000 1441 indignaretur.
1030 1345 1171 1417 Verum
1187 1346 1263 1418 boc
1279 1367 1327 1416 ue

231 1443 343 1518 lieret
365 1447 460 1519 satis
478 1447 588 1539 cavit,
614 1457 653 1517 et
669 1445 751 1518 suis
767 1447 933 1542 posteris
951 1449 1092 1518 bunum
1110 1446 1327 1542 exemplum

230 1546 417 1642 largitatis
434 1547 624 1644 totiusque
641 1546 817 1620 bonitatis
834 1547 1003 1644 reliqui15
1021 1550 1120 1644 quod
1137 1559 1177 1618 et
1186 1547 1257 1644 ipsi
1266 1548 1329 1616 ad

232 1647 309 1718 buc
324 1648 406 1720 [leo
426 1647 583 1744 gratias,
606 1657 773 1741 serrant,
797 1648 939 1745 optimc
958 1649 1147 1745 pollentes
1164 1648 1202 1719 iu
1220 1645 1327 1743 regni

233 1749 494 1820 moderamine
511 1749 604 1819 etin
622 1749 800 1820 virtutum
817 1752 966 1821 decore.

141 1859 222 1912 rm.
307 1851 368 1922 22.
398 1849 543 1922 Tantus
560 1850 686 1946 itaque
704 1873 772 1921 rex
785 1858 990 1946 postquam
1002 1848 1192 1920 Romaest
1203 1869 1329 1918 rerer·

233 1946 351 2020 susu.
369 1949 462 2019 etin
480 1949 631 2046 proprio
649 1962 791 2044 reguo·
808 1950 1083 2046 aliquantisper
1098 1952 1329 2039 demorato,

232 2024 408 2122 omnibus
425 2053 524 2122 bene
540 2026 732 2147 dispositis
750 2050 900 2122 transiit
915 2052 963 2122 ad
979 2050 1203 2143 Dominum,
1226 2073 1330 2119 coro·

233 2150 410 2222 naudus
399 2175 438 2220 ιιι
456 2161 563 2246 parte
581 2153 735 2222 dextera
749 2152 894 2264 abipso
906 2151 1070 2224 Domino
1083 2162 1237 2223 auctore
1252 2172 1330 2219 om·

141 2231 270 2358 13·
233 2274 349 2320 nrum
400 2251 662 2322 Turbabautur
688 2252 816 2363 itaque
847 2252 928 2323 eius
959 2251 1062 2323 obitu
1096 2249 1329 2344 omnesqui

166 2378 213 2432 ιι
213 2351 448 2441 audierant
474 2350 714 2463 maximeque
741 2351 804 2447 qui
828 2352 912 2424 eius
936 2351 1031 2423 solio
1055 2351 1329 2424 deservierant.

232 2475 395 2548 quorum
418 2451 584 2523 maxima
605 2477 696 2548 pars
723 2462 880 2549 cuperet
905 2452 942 2524 ei
967 2452 1164 2545 commori,
1198 2450 1231 2523 si
1256 2451 1329 2522 boc

232 2553 335 2623 non*
353 2552 570 2649 displiceret
585 2552 735 2624 divinae
754 2553 1000 2650 dispositioni.

308 2655 370 2726 23.
410 2653 582 2749 Lugebat
597 2653 750 2726 domina
767 2655 955 2726 Emma
921 2679 1004 2726 erus
1018 2653 1151 2750 regina
1163 2676 1251 2724 cum
1263 2676 1328 2748 pa·

231 2750 449 2826 iriensibus.
476 2753 670 2827 ululabant
691 2778 882 2851 pauperes
862 2778 992 2826 scum
1010 2754 1238 2852 potentibus
1263 2751 1330 2822 lle·

232 2855 325 2924 bant
357 2854 526 2952 episcopi
559 2866 598 2927 et
626 2855 752 2927 clerici
786 2879 873 2927 cum
900 2855 1099 2927 monacbis
1125 2864 1164 2926 et
1191 2851 1331 2925 sancti

233 2954 476 3047 monialibus:
510 2957 580 3027 sed
597 2968 779 3052 quantum
796 2956 1023 3053 lugebatur
1012 2981 1049 3027 m
1070 2957 1223 3027 mundo.
1248 2964 1330 3024 tau·

232 3063 315 3125 tum
339 3034 537 3128 lactetur
525 3081 565 3127 m
588 3057 684 3128 caeli
708 3056 859 3153 palatio.
893 3059 932 3130 ls
933 3058 961 3128 tr
981 3055 1124 3129 flebant
1141 3057 1214 3127 boc
1230 3055 1328 3151 quod

234 3154 495 3251 perdiderant‚
526 3157 579 3228 illi
612 3157 850 3253 gratulentur
877 3160 926 3229 de
954 3157 1036 3229 eius
1063 3157 1191 3228 anima
1215 3178 1329 3249 quam

232 3255 453 3353 suscipiant
491 3257 557 3330 lsti
575 3258 808 3355 sepelierunt
825 3281 963 3355 corpus
981 3257 1169 3350 exanime,
1186 3256 1239 3327 illi
1256 3254 1331 3352 spi·

233 3355 347 3428 ritum
365 3357 554 3430 deducant
569 3357 607 3429 in
625 3358 801 3450 sublime,
825 3359 1019 3429 letaudum
1043 3358 1082 3429 in
1100 3368 1255 3429 aeterna
1272 3378 1331 3426 re·

233 3456 332 3553 quie.
367 3458 439 3530 Pro
464 3459 548 3531 eius
570 3459 730 3531 transitu
756 3458 826 3530 soli
843 3457 985 3531 flebant
1002 3458 1156 3551 terreni²
1174 3459 1243 3530 sed
1261 3479 1329 3553 pro

233 3557 317 3629 eius
343 3557 475 3655 spiritu
503 3559 757 3632 interveniant
783 3583 869 3632 cum
896 3559 1060 3633 terrenis
1086 3559 1201 3632 etiam
1225 3557 1329 3629 cives

233 3658 376 3729 caelici.
404 3660 504 3732 Ut
470 3684 553 3733 eius
570 3661 690 3756 gloria
707 3672 856 3734 crescat
873 3661 1023 3755 cotidie,
1041 3685 1195 3733 oremus
1204 3660 1327 3732 [lenm

232 3757 397 3853 intente5
424 3771 464 3831 et
480 3761 567 3858 quia
583 3763 659 3833 hoc
674 3762 883 3858 promeruit
900 3786 970 3834 sua
988 3761 1168 3858 bonitate,
1195 3759 1329 3833 cotidie

234 3836 463 3932 clamenius:
454 3861 611 3932 ·Διιιίιιιι
621 3864 1157 3958 Οιιιιιοιιιιιιᾳιιιιιιιιιιιιριιιι.
1185 3862 1329 3935 dmm

453 3962 667 4037 EXPLICIT
691 3962 831 4034 LIBER
857 3962 1117 4037 SECUNDUS.

232 4076 501 4143 amiralii.
608 4079 852 4148 bldeesti'nedd.
953 4080 1326 4151 «impurorum,

231 4091 321 4201 :iride
335 4155 438 4218 mih·
454 4155 641 4220 ιἰιιιιμιιιιιει
657 4158 771 4208 enirm
788 4156 916 4224 suppleri.

231 4240 285 4380 {p}
319 4240 409 4308 10⁹
390 4325 437 4387 16
443 4243 534 4304 llart
564 4244 617 4305 26.
656 4245 855 4306 coronationi
891 4243 1073 4306 Cbuouradi
1108 4243 1145 4308 ll,
1177 4242 1326 4308 interluit.

276 4340 371 4400 ipsiu
