2842 4808
220 346 270 421 36
339 341 576 418 CNUTONlS
602 341 741 415 REGIS
768 341 931 415 Gustu.
974 343 1114 419 LlBEll
1141 346 1199 421 lll.

219 568 289 617 uas
317 546 451 617 edocet
475 542 667 639 miserari,
702 544 768 616 sed
798 542 899 614 nullo
926 548 1038 618 modo
1065 571 1183 644 posse
1211 549 1311 621 auxi·

215 643 316 741 liari,
342 668 441 718 cum·
453 642 599 741 Anglici
625 643 827 742 optimates
847 644 990 719 nullum
1009 647 1044 719 ei
1061 648 1223 722 fecerint
1240 649 1312 724 ius·

215 746 436 840 iurandum,
471 768 567 843 quae
597 768 660 818 res
694 743 900 840 iudicabat‚
935 771 958 819 a
991 747 1107 822 fratre
1132 750 1312 825 auxilium

216 847 528 945 expectandum⁸.
564 844 631 918 llis
645 845 695 918 ita
705 844 824 941 gestis
835 847 1310 925 EduardusNormanuiam

215 945 451 1042 revertitur',
478 955 516 1020 et
537 969 647 1019 meus
674 946 828 1043 reginae
856 948 943 1044 quid
973 948 1044 1022 sibi
1071 950 1170 1025 foret
1198 975 1312 1050 agen·

215 1052 304 1122 dum
323 1047 437 1120 etiam
456 1069 557 1118 nuuc
575 1056 780 1119 cunctatur.
806 1045 895 1118 Post
914 1047 1019 1121 cuius
1038 1051 1201 1124 reditum
1220 1077 1312 1124 uun·
1364 1088 1366 1095 s

215 1148 288 1221 tios
306 1147 586 1221 Hardecnutoni
612 1145 688 1219 filio
708 1170 778 1220 suo
794 1145 912 1244 legat,
940 1150 1002 1247 qui
1021 1160 1111 1223 tuuc
1127 1153 1311 1251 temporis

215 1248 386 1346 regimen
412 1249 605 1321 Dauorum
633 1247 939 1346 optinebat3pe1·
966 1274 1061 1347 quos
1089 1251 1148 1325 sui
1172 1253 1311 1328 doloris

214 1349 417 1424 novitatem
437 1348 571 1445 aperit,
589 1359 627 1422 et
646 1359 685 1422 ut
702 1350 749 1421 ad
768 1360 834 1420 se⁰
851 1350 1066 1444 quantotius
1085 1352 1218 1426 venire
1234 1372 1311 1428 ma·

214 1460 314 1524 turet
326 1448 431 1547 petit.
458 1449 572 1523 Cuius
585 1473 697 1523 aures
713 1458 752 1520 ut
761 1447 854 1521 tanti
866 1449 1023 1547 sceleris
1035 1452 1170 1526 horror
1186 1453 1312 1530 incus·

214 1549 1311 1648 sit,primoomuiummeuseiusiutolerabiliobtusadolore

213 1652 250 1724 iu
263 1651 493 1723 consulendo
507 1650 656 1724 fatiscit
680 1651 844 1724 Ardebat
858 1651 959 1725 euim
974 1651 1100 1726 auimo
1114 1654 1242 1730 fratris
1257 1656 1310 1729 iu-

214 1752 329 1824 iurias
349 1751 466 1822 ultum
485 1748 554 1845 ire,
573 1751 688 1823 immo
703 1751 816 1824 etiam
830 1752 961 1825 matris
971 1754 1309 1854 legatiouiparere.

289 1853 324 1926 9.
362 1851 457 1924 Hiuc
482 1852 630 1948 utrique
656 1851 711 1923 rei
737 1850 956 1948 previdens,
983 1877 1097 1951 quam
1123 1856 1311 1932 maximas

213 1962 342 2051 potest
365 1951 519 2024 navium
546 1952 781 2050 militumque
808 1962 918 2050 parat
944 1953 1114 2051 copiast,
1150 1979 1310 2052 quorum

214 2052 437 2152 ampliorem
454 2078 654 2127 numerum
673 2054 835 2149 quodam
854 2053 969 2128 maris
984 2053 1022 2126 in
1037 2056 1221 2129 amfractu
1237 2058 1311 2131 col·

213 2156 326 2252 locat,
352 2154 427 2253 qui,
455 2153 488 2227 si
514 2155 793 2227 intereundum
812 2153 882 2226 sibi
901 2155 1010 2253 copia
1028 2158 1220 2254 pugnandi
1239 2183 1307 2232 seu

213 2255 327 2327 etiam
347 2254 559 2329 necessitas
578 2253 812 2353 repugnandi
837 2255 1038 2354 accideret,
1066 2258 1229 2356 presidio
1248 2262 1311 2335 ad·

212 2365 396 2427 ventaret.
432 2358 608 2430 Ceterum
635 2379 710 2427 non
735 2355 896 2453 amplius
922 2359 1056 2429 decem
1083 2357 1240 2432 navibus
1266 2384 1309 2432 se

213 2453 478 2528 comitantibus
518 2458 563 2526 ad
605 2466 766 2526 matrem
799 2455 1066 2551 proficiscitur,
1099 2482 1196 2556 quae
1232 2483 1307 2532 nou

121 2576 201 2632 1039.
214 2555 367 2629 minima
396 2554 533 2628 doloris
559 2555 748 2626 anxietate
783 2555 1016 2652 fatigabatur.
1063 2557 1162 2630 Dum
1195 2557 1310 2656 igitur

210 2682 393 2757 prospero
413 2655 537 2730 cursui
557 2655 709 2750 intenti⁷
729 2665 807 2726 ‘nou
829 2658 940 2728 modo
960 2656 1131 2731 certatim
1150 2683 1307 2756 spumas

211 2759 301 2831 salis
329 2784 418 2831 aere
441 2761 613 2853 ruebant,
646 2779 779 2828 verum
807 2757 920 2829 etiam
946 2783 1110 2857 suppara
1136 2758 1306 2832 velorum

210 2858 386 2932 secundis
417 2858 566 2932 flatibus
598 2857 835 2954 attollebant7
873 2869 912 2930 ut
944 2861 1059 2931 maris
1083 2859 1201 2932 facies
1230 2885 1305 2933 uou

210 2982 390 3056 umquam
419 2969 521 3030 certa
546 2961 613 3032 sed
633 2981 787 3055 semper
805 2959 1009 3031 mobilitate
1027 2957 1184 3032 flatuum
1203 2960 1306 3035 dubi·

208 3061 322 3133 tauda
335 3059 493 3130 habetur
504 3069 540 3130 et
554 3057 680 3153 infula,
699 3068 855 3154 repente
871 3059 976 3130 faeda
993 3061 1306 3158 tempestasi'eu·

208 3173 330 3234 torum
351 3158 579 3255 nubiumque
599 3183 620 3229 a
635 3170 742 3254 tergo
757 3159 991 3255 glomeratur
1004 3171 1042 3232 et
1057 3162 1157 3259 ponti
1174 3186 1308 3262 super·-

207 3262 312 3334 licies
331 3260 405 3332 iarn
426 3259 800 3358 supervenientibus‘
814 3259 951 3333 austris
966 3263 1213 3337 turbabatur‘.
1233 3264 1304 3336 lta·

208 3387 280 3459 que
300 3364 397 3458 quod
419 3361 454 3434 iu
475 3372 549 3433 tum
570 3359 685 3431 atroci
706 3359 857 3456 negotio
878 3360 976 3432 solet
993 3359 1088 3457 fieri,
1112 3364 1303 3437 anchorae

208 3465 252 3535 de
279 3463 399 3560 proris
427 3463 546 3534 iactae
567 3458 718 3531 harenis
738 3459 942 3557 affiguntur
960 3461 1073 3535 fundi.
1115 3463 1303 3553 Quaeres

207 3562 357 3635 tametsi
376 3571 456 3634 tum
476 3563 547 3635 illis
566 3558 678 3632 fuerit
696 3558 907 3658 inportuna,
925 3571 1054 3635 tamen
1068 3589 1142 3637 nou
1158 3570 1302 3662 absque

208 3663 274 3737 Dei
309 3670 399 3734 uutu
426 3674 558 3735 cuncta
587 3660 822 3759 disponentis
852 3685 938 3733 esse
958 3664 1120 3737 creditur
1137 3676 1235 3759 acta‚
1263 3674 1302 3736 ut

208 3766 443 3863 postmodum
465 3765 516 3834 rei
538 3760 707 3860 probavit
725 3771 902 3854 eventum
932 3766 1110 3839 membris
1130 3764 1299 3837 omnium

208 3865 376 3964 placidae
398 3864 509 3960 quieti
531 3877 567 3937 et
587 3876 745 3937 somuoss
764 3863 993 3937 cedentibus.
1029 3867 1123 3938 Nam
1149 3875 1301 3963 postera

204 4040 228 4105 a)
248 4039 425 4107 expetendum
444 4037 473 4089 2.
493 4037 523 4090 1..
599 4037 624 4104 b)
645 4036 780 4090 revehitur
799 4035 844 4091 Cb.
864 4035 892 4086 2.
976 4038 998 4107 r)
1018 4056 1047 4092 se
1067 4036 1159 4091 vcuirc
1179 4055 1206 4107 q.
1228 4054 1251 4090 r.
1274 4036 1300 4090 l.

203 4114 230 4181 d)
249 4113 323 4164 deest
346 4111 368 4162 l.
444 4111 467 4179 e)
487 4110 731 4180 superacutibusl.
806 4109 825 4178 f)
847 4109 970 4163 turbatur
988 4113 1048 4166 edd.
1123 4111 1150 4180 gl
1169 4109 1299 4170 somnii:

203 4202 230 4255 q.
250 4182 337 4237 somni
358 4185 425 4239 cdd:
