2842 4808
256 438 492 512 caerulus
521 437 658 512 raus
678 439 841 514 Gustu.
869 438 1003 541 errae
1032 439 1087 514 ιιι.
1172 444 1219 515 aa

126 639 246 711 taetus
267 650 304 712 et
322 639 561 713 transmarini
580 640 719 714 litoris*
739 646 889 715 taudem
910 652 1055 739 portum
1072 651 1217 735 nactus³
1230 661 1310 716 1040

125 764 144 810 a
166 742 310 813 cunctis
330 741 459 814 incolis
481 742 650 814 eiusdem
667 753 787 815 terrae
803 742 1075 840 gloriosissime
1088 742 1218 839 recipi-

124 850 201 910 tur·
193 840 361 937 ,sicque
387 841 498 914 divini
526 841 692 915 muueris
712 845 831 939 gratia
852 867 1009 940 regnum
1032 843 1099 916 sibi
1119 843 1217 915 debi-

123 896 203 1013 turri
231 943 403 1014 redditur.
455 941 520 1014 His
548 943 599 1014 ita
624 945 786 1040 peractis
815 956 852 1018 et
876 944 1048 1016 omnibus
1076 944 1154 1016 suis
1181 943 1216 1014 in

123 1041 228 1139 pacis
254 1041 519 1138 tranquillitate
547 1044 784 1141 compositis,
819 1047 981 1119 fraterno
1016 1055 1217 1142 correptus

124 1166 255 1233 amore
271 1143 420 1215 nuntios
437 1142 548 1215 mittit
562 1146 607 1216 ad
617 1144 843 1243 Eduardum‚
858 1169 996 1242 rogans
1010 1146 1216 1218 utveniens

124 1267 255 1314 secum
276 1243 463 1339 optineret
482 1267 652 1340 reguum.

201 1347 257 1415 14.
290 1343 359 1430 Qui
380 1344 503 1417 fratris
524 1344 679 1417 iussioni
700 1347 917 1439 otuuidiens7
936 1345 1113 1439 Anglicas
1133 1370 1215 1443 par·
1230 1369 1310 1425 toti.

119 1453 180 1516 tes
214 1443 429 1538 advehitur
465 1456 509 1518 et
535 1456 657 1518 mater
778 1449 933 1519 Editio
961 1447 1026 1519 att
1012 1454 1124 1518 t.eru

123 1542 308 1657 amboque
322 1542 653 1644 silurernrparatrs
759 1548 827 1621 His
873 1550 992 1644 itaque
1042 1547 1218 1632 frutribus

123 1627 330 1717 cominodis
350 1647 448 1717 nulla
464 1646 551 1720 lite
543 1657 653 1721 inter-
684 1649 910 1721 concorditer
975 1647 1217 1746 repatiantur,

122 1748 279 1818 cedente
292 1755 454 1820 utuntur
483 1746 653 1820 Hicfides
684 1773 784 1821 mors
808 1741 936 1820 atriliu
953 1748 1147 1839 intercidit,
1185 1753 1220 1817 et

121 1848 281 1918 habetur
305 1847 411 1960 regni
437 1847 563 1944 sotiis,
596 1848 655 1920 hio
684 1803 1149 1944 repemHurdechnutaaeui
1170 1848 1217 1916 ui-

120 1946 333 2020 inviolabile
376 1948 480 2045 viget
523 1951 653 2021 foedus
684 1949 934 2022 talibusauris
960 1946 1115 2020 abstulit.
1148 1946 1215 2016 ‘Be-
1229 1964 1308 2017 tara.

121 2047 279 2120 materni
305 2048 534 2147 fraternique
552 2074 654 2122 amo
683 2073 763 2145 pem
787 2055 964 2122 materie
991 2049 1110 2133 frater
1140 2070 1217 2118 rau·
1228 2036 1286 2091 '¹¹¹¹
1299 2037 1327 2090 ⁸·
1396 2060 1400 2067 '

121 2148 183 2220 ris.
220 2149 324 2220 Haec
343 2149 413 2223 ittis
429 2150 554 2222 oruuia
569 2174 653 2247 pre·
682 2153 778 2223 aimo
806 2173 884 2222 cum
909 2148 1003 2220 tectu
1027 2147 1219 2232 honorifce

122 2246 233 2322 stitit
274 2248 334 2345 qui
377 2250 574 2323 unanimes
615 2249 651 2322 iu
682 2252 862 2345 repeliunt.
921 2248 1064 2320 Ittortuo
1106 2245 1217 2318 Arae-

121 2349 525 2445 domohabitarefacit
544 2353 652 2424 lesus
683 2351 920 2434 cinitone,
908 2374 943 2419 m
968 2371 1115 2443 raparum
1139 2370 1216 2418 stu·-

120 2449 320 2525 Christus.
345 2452 518 2525 dominus
575 2476 654 2523 om·
684 2457 788 2525 cessit
833 2448 1054 2541 Edwmdm,
1115 2446 1217 2519 ireres

121 2548 245 2643 nium,
291 2550 349 2622 cui
393 2551 429 2624 iu
473 2550 653 2625 'l'rinitate
685 2553 817 2624 scilicet
847 2549 1053 2643 lepittimus,
1089 2549 1143 2618 eir
1169 2549 1217 2617 vi-

122 2651 295 2722 manenti·
356 2652 653 2724 inmarcessibile
685 2650 1216 2741 riumeminentiaconspicitur,

120 2749 229 2823 floret
248 2751 456 2848 imperium.
492 2755 624 2826 Arnen.
686 2755 810 2824 uirtute
826 2753 936 2821 (rainu
950 2749 1108 2842 rousiir'ip
1111 2754 1216 2818 areat-

602 2918 606 2925 .
684 2876 750 2948 que
773 2853 904 2946 inperii
929 2850 1118 2922 vivacitate
1134 2871 1228 2941 pre-

353 2953 458 3047 datur,
478 2960 512 3024 et
528 2959 567 3024 ut
584 2956 706 3025 ‹rainiu
728 2952 878 3024 breviter
895 2949 1120 3039 concludam.
1141 2972 1214 3018 ora-

352 3056 447 3124 rium
448 3010 739 3147 ²'erpaterritorum
757 3075 898 3124 saturnu
917 3045 1152 3144 insipaitas³³

120 3210 146 3271 a)
165 3211 207 3262 ter
225 3213 351 3277 quatere
372 3206 444 3260 riuus
464 3209 561 3277 duplici
578 3215 587 3260 t
605 3210 729 3275 scriptam
748 3205 857 3260 tutetur
877 3210 902 3259 et
920 3203 1024 3256 coetum
1047 3204 1176 3256 titterao.
1189 3198 1213 3253 1.

120 3315 172 3399 33)
203 3311 312 3377 Emma
343 3319 382 3377 ab
408 3316 554 3377 quardo
576 3314 644 3376 filio
669 3314 802 3394 pessime
827 3313 932 3374 habita
957 3309 1213 3371 Hardichnutum

121 3399 275 3460 decennio
299 3398 487 3479 supervixit3
511 3399 586 3459 obiit
610 3399 762 3478 siquidem
787 3399 887 3462 dieti.
903 3394 1004 3456 Martii
1022 3394 1215 3456 a111101052.
