2842 4808
239 373 473 450 CNUTOb'lS
502 373 640 446 REGIS
667 371 830 445 Gustu.
875 365 1011 444 LIBER
1038 371 1093 444 ΙΙΙ.
1163 373 1211 445 35

107 601 206 655 ‚cum
226 574 436 649 dominicae
456 569 978 670 exortationispreceptum³⁰
1002 572 1080 644 suis
1100 573 1254 648 furtu-ao

120 678 177 750 nis
206 674 438 749 conducibile
465 697 641 769 censens,
668 696 741 770 quo
768 673 942 745 videlicet
969 673 1099 746 electis
1128 671 1216 744 insi-

122 787 213 849 nuat
240 779 410 892 quonium
438 778 469 848 si
493 777 696 870 persequuti
720 797 784 847 vos
807 776 942 860 fuerint
927 775 999 845 tin
1026 797 1100 846 utro
1133 775 1215 846 civi-

120 885 214 970 tate,
249 879 422 973 stipitem
451 876 575 968 ulium,
612 898 677 971 pro
705 898 773 946 suo
799 898 888 946 casu
915 897 1004 971 spes
1031 873 1123 946 satis
1151 874 1216 945 ho·

121 988 252 1050 nestas
289 977 455 1089 reliquae
480 973 669 1072 dignitatis
697 977 979 1048 conservandae
1008 973 1217 1073 exequitur,

123 1089 160 1151 et
178 1081 331 1151 tandem
351 1076 470 1180 gratia
496 1074 648 1190 superni
668 1085 865 1172 respectus
893 1074 1048 1147 consilio
1074 1075 1215 1149 sollerti

63 1200 71 1210 ·
123 1179 246 1252 utitur.
299 1177 458 1251 Exteras
492 1176 663 1249 nationes
700 1186 829 1272 petere
859 1176 928 1248 sibi
960 1174 1048 1248 utile
1086 1175 1215 1271 credit

122 1281 220 1392 quod
241 1277 368 1374 sagaci
388 1277 531 1350 ratione
550 1277 737 1349 finetenus
755 1277 932 1374 perducit.
965 1277 1108 1349 Tamen
1123 1301 1214 1375 quas

123 1379 214 1477 petit
233 1403 306 1450 non
328 1388 502 1451 externas
523 1378 591 1452 sibi
611 1385 765 1473 experta
785 1387 843 1450 est
861 1378 954 1472 fore,
982 1379 1065 1476 quis
1084 1376 1216 1450 immo·

123 1505 211 1553 rans
232 1481 331 1552 haud
351 1504 462 1553 secus
483 1502 527 1550 ac
546 1477 625 1551 suis
644 1475 777 1549 colitur
791 1478 1070 1551 decentissime.
1102 1477 1218 1575 igitur
1231 1495 1308 1550 1037.

123 1604 189 1678 pro
216 1604 256 1653 re
282 1590 395 1678 atque
420 1590 592 1676 tempore
620 1602 732 1675 quam
767 1577 947 1674 plurimos
985 1588 1112 1675 potest
1148 1578 1217 1650 sibi

122 1679 217 1752 fidos
245 1681 445 1778 optimates
473 1688 689 1775 congrmegat
726 1677 791 1750 His
811 1679 1050 1793 presentibus
1070 1689 1218 1753 secreta

124 1781 246 1853 cordis
267 1805 324 1853 sur
316 1779 529 1853 enucleat.
570 1780 601 1851 A
627 1778 759 1876 quibus
788 1781 899 1852 etiam
926 1780 1015 1853 inito
1044 1780 1218 1853 dominae

123 1885 280 1979 probato
301 1880 469 1977 consilio⁷
496 1890 731 1953 commeatus
753 1880 932 1953 classium
953 1905 1019 1953 eor
1022 1907 1084 1953 um
1104 1906 1219 1978 appa-

123 1992 226 2054 ratur
244 1981 364 2055 exilio.
405 1983 534 2079 ltaque
562 1981 753 2078 prosperis
784 1981 840 2058 usi
866 1980 1014 2055 flatibus
1041 1983 1220 2055 transfre-

126 2093 219 2176 tant
240 2093 277 2153 et
263 2083 442 2154 tcuidam
462 2081 611 2154 stationi
632 2081 729 2152 haud
750 2081 884 2174 longet
904 2082 1219 2175 acastellossrug·

125 2181 273 2275 gensi³¹
294 2181 446 2252 distanti
466 2206 553 2253 sese
574 2180 772 2276 applicant.
804 2139 883 2252 Hoc
903 2182 1098 2253 castellum
1115 2182 1219 2252 Flan-

127 2281 324 2354 drensibus
359 2280 500 2352 colonis
535 2278 726 2373 incolitur,
762 2283 859 2377 quod
894 2291 975 2352 tum
1008 2281 1219 2378 frequentia

125 2381 402 2479 negotiatorum
430 2367 508 2452 tum
537 2378 729 2451 affluentia
765 2379 931 2452 omniunt
968 2406 1065 2480 quae
1099 2383 1218 2480 prima

126 2483 304 2555 mortales
325 2485 463 2554 ducunt
481 2479 778 2554 famosissimum
805 2483 972 2556 habetur.
1024 2483 1093 2556 Hic
1119 2482 1220 2581 equi

127 2587 213 2657 dem
249 2609 269 2655 a
310 2583 529 2656 marchione
571 2583 739 2655 eiusdem
784 2583 991 2680 provintiae
1025 2585 1220 2657 Balduino.

127 2685 254 2782 magni
281 2695 318 2755 et
342 2683 578 2758 invictissimi
606 2683 782 2781 principis
810 2682 906 2780 filio,
943 2685 1099 2783 eiusque
1136 2710 1222 2757 con-

126 2784 214 2880 iuge
241 2786 388 2880 Athela,
417 2809 513 2883 quae
540 2785 806 2880 interpretatur
833 2784 1085 2882 nobilissima,
1111 2787 1223 2859 Fran·

129 2909 256 2956 corum
286 2885 589 2981 1³egisR0dberti
618 2893 655 2956 et
682 2884 836 2980 reginae
865 2887 1108 2960 Constantiae
1134 2886 1222 2979 sdia‚

129 2983 346 3097 honorifice,
374 2987 424 3057 uti
453 3012 495 3058 se
523 2987 677 3082 dignum
698 2997 789 3080 erat
817 2986 1003 3083 recipitur.
1041 2987 1221 3084 Aquibus

129 3085 241 3158 etiam
261 3085 297 3156 in
318 3086 484 3182 predicto
504 3087 638 3184 oppido
659 3089 792 3158 domus
813 3087 929 3181 regali
950 3089 1115 3185 sumptui
1135 3096 1222 3182 apta

130 3183 252 3256 eidem
274 3184 428 3281 reginae
445 3187 628 3282 tribuitur,
649 3196 815 3259 ceterum
837 3188 1034 3260 obsonium
1061 3187 1223 3282 benigne

129 3285 295 3356 offertur
345 3286 451 3372 Quae
480 3287 615 3386 partim
642 3287 702 3359 illa
732 3312 816 3360 cunr
836 3288 1000 3360 maxima
1019 3286 1223 3382 gratia-rum

132 3385 278 3458 actione
300 3386 469 3484 suscipit,
488 3389 700 3486 partimque
720 3413 808 3461 sese
827 3414 902 3461 non
921 3387 1115 3483 indigere*
1135 3411 1224 3484 quo-

132 3487 331 3583 dammodo
351 3491 524 3583 ostendit

206 3591 240 3658 8.
277 3586 315 3656 ln
343 3595 445 3659 tanta
472 3574 585 3687 igitur
608 3589 730 3685 posita
749 3587 963 3681 securitate,
989 3585 1137 3682 legatos
1157 3611 1226 3658 suo

132 3685 207 3757 filio
239 3685 349 3758 mittit
367 3687 535 3762 Eduardo
555 3690 800 3787 postulatum
828 3713 875 3759 ne
896 3710 1028 3759 versus
1049 3711 1091 3760 se
1115 3686 1228 3784 pigri·

133 3796 277 3858 tacetur
295 3785 434 3859 venire.
483 3790 624 3876 Quibus
652 3790 713 3862 ille
733 3788 950 3902 obaudiens,
980 3813 1116 3886 equum
1144 3812 1229 3860 con·

85 3888 87 3895 ’
135 3887 281 3962 scendit
302 3897 339 3958 et
358 3889 402 3957 ad
423 3900 582 3963 matrem
604 3914 724 3985 usque
751 3889 932 3987 pervenit.
985 3889 1058 3962 Sed
1086 3888 1145 3966 ubi
1175 3889 1228 3962 eis

135 3991 241 4086 copia
262 3991 346 4060 data
366 3997 423 4060 est
443 4001 570 4062 mutuo
589 3990 778 4089 loquendi,
797 3989 894 4062 filius
915 4015 956 4063 se
971 3989 1101 4062 matris
1116 3990 1229 4063 fortu-

137 4111 163 4175 a)
184 4107 219 4176 cs.
233 4124 265 4176 p.
285 4106 347 4175 523,
367 4112 422 4160 nol.
443 4124 465 4160 c.
541 4108 567 4178 b)
588 4101 711 4177 indigern
731 4128 753 4167 c.

137 4198 188 4282 30)
213 4197 320 4263 ttanh.
345 4197 393 4272 10,
417 4197 467 4261 23.
552 4199 603 4281 31)
628 4200 759 4281 Brttggc.
