2842 4808
249 372 484 448 cnutonis
512 372 649 493 arms
677 371 837 445 Gustu.
874 372 1010 446 maun
1039 375 1095 447 lll.
1175 381 1218 450 31

126 577 232 647 uestri
249 575 388 668 irretierit
403 575 481 662 fieri
499 573 626 646 cotidie
636 573 861 645 soliditatem.
891 574 927 645 Is
938 577 1027 647 enim
1040 579 1221 649 incessan-

126 683 178 746 ter
202 676 300 746 vicos
325 680 360 746 et
377 674 482 746 urbes
499 676 634 766 circuit,
659 680 692 744 et
710 676 777 746 sibi
795 676 931 745 (tetricos
945 678 1126 770 principes
1144 702 1220 750 rnu-

126 775 267 847 nerr'lms
302 776 407 847 artinis
439 780 474 845 et
499 774 667 868 precibus
692 777 805 866 tereit5
837 774 1034 847 redimunt
1068 801 1087 847 e
1121 780 1219 850 vobis

63 897 66 903 ·
123 898 231 968 super
257 896 295 945 se
318 873 466 947 mallent
490 897 656 969 reparare,
684 897 792 968 parim
818 877 918 946 istius
942 878 1002 969 qui
1026 889 1142 948 annet
1169 882 1219 951 eis

123 977 277 1068 imperat
293 976 404 1046 teneri
421 974 562 1047 ditione.
602 973 699 1045 Unde
706 998 844 1069 „ropo
872 998 963 1046 terens
988 983 1140 1051 oestrum
1168 978 1219 1050 ad

123 1098 178 1146 me
202 1073 387 1146 uelociterl
413 1080 447 1146 et
467 1075 607 1167 private
632 1078 760 1166 ueniat,
788 1082 827 1146 ut
849 1075 994 1146 salubre
1018 1101 1041 1151 n
1061 1102 1116 1149 me
1134 1102 1216 1149 eore-

122 1164 238 1246 silinm
257 1176 424 1269 accipiat,
443 1181 477 1245 et
493 1175 586 1246 sciat
604 1198 672 1268 qrto
686 1180 798 1267 pacto
816 1174 884 1246 boc
902 1178 1092 1270 nepotiani
1121 1178 1217 1272 qrtud
1281 1206 1288 1221 ·

122 1275 214 1368 volo,
231 1276 310 1362 fieri
327 1275 463 1348 delient.
498 1274 567 1345 Per
582 1280 779 1366 presentem
800 1298 936 1370 quoque
951 1278 1214 1371 internuntium,

35 1372 40 1387 ‘
119 1375 207 1472 quid
222 1398 331 1469 super
347 1374 401 1446 ais
417 1376 554 1459 tacturi
570 1377 663 1467 estin,
692 1375 911 1448 renrandate.
949 1375 1075 1471 Valete,
1095 1377 1215 1450 cordis

120 1498 356 1549 rneeaneera.

109 1630 114 1636 ·
195 1578 230 1648 4.
266 1577 346 1646 Hac
371 1574 501 1646 fraude
527 1571 631 1645 iussu
651 1574 803 1646 Haroldi
829 1574 973 1669 tyranni
994 1576 1214 1673 composita,

121 1675 235 1772 regiis
261 1674 554 1746 adulescentulis
583 1683 641 1746 est
668 1675 806 1747 directa
827 1700 895 1772 per
914 1677 1115 1774 pellaces²⁷
1134 1698 1252 1749 cur-er

121 1800 243 1865 sores,
270 1775 399 1873 eisque
420 1799 465 1847 ex
483 1785 589 1872 parte
610 1775 739 1848 matris
759 1776 914 1872 ignarae
934 1779 1070 1873 oblata⁷
1097 1788 1133 1850 et
1152 1779 1216 1850 ho·

120 1876 274 1957 norilice
294 1880 339 1949 ab
359 1876 428 1971 eis,
456 1886 495 1946 ut
514 1889 669 1948 urunus⁰
688 1877 894 1974 genitricis,
921 1889 1109 1975 suscepta.
1146 1879 1215 1950 Le·

120 1988 214 2073 gunt
232 1977 336 2049 dolos
357 1977 458 2048 eius‘l
476 1975 608 2071 nescii,
627 1987 665 2049 et
684 1979 777 2075 proh
790 1979 913 2050 dolor⁰
933 1978 1044 2050 nimis
1064 1978 1214 2051 falsitati

91 2079 97 2089 '
121 2078 261 2150 creduli
281 2078 491 2150 inconsulte
511 2081 732 2149 renuendam
751 2079 934 2174 genitrici,
954 2104 1069 2150 tinum
1083 2104 1213 2151 eorum

121 2180 167 2250 ad
198 2202 282 2250 eam
310 2203 398 2251 esse
426 2188 644 2271 venturum,
674 2179 976 2274 constituantque
1006 2180 1038 2250 ei
1060 2180 1157 2252 diem
1178 2190 1215 2252 et
1315 2238 1319 2247 .

120 2288 273 2376 tempus
302 2290 338 2350 et
359 2279 494 2350 lacurn.
538 2278 737 2372 Regressif
768 2279 892 2376 itaque
921 2280 1105 2376 legatarii,
1132 2280 1214 2352 inti-

121 2390 226 2451 mant
250 2379 318 2451 Dei
346 2379 504 2450 inimicis
532 2402 628 2474 qnae
656 2378 725 2451 sibi
753 2404 937 2476 responsa
966 2381 1107 2454 reddita
1140 2380 1215 2452 sin-t

121 2504 142 2551 a
171 2479 368 2552 iuvenibus
396 2478 649 2552 nobilissimis.
703 2479 797 2552 Hinc
830 2481 879 2552 illi
913 2483 1215 2579 prestolabantur

121 2581 203 2671 eius
223 2581 440 2668 adventum.
468 2590 504 2650 et
533 2580 616 2675 qnid
643 2584 688 2650 de
716 2605 759 2650 eo
780 2582 948 2653 facerent
966 2586 1010 2654 ad
1031 2607 1141 2654 suum
1160 2580 1212 2651 in·

119 2690 306 2753 venerunt
333 2681 609 2752 detrimentum.
662 2680 807 2752 Statuto
836 2705 925 2777 ergo
953 2682 1010 2753 die
1036 2682 1213 2777 Alb-idus,

122 2780 244 2853 minor
269 2785 376 2873 natu,
409 2783 584 2853 laudante
612 2780 726 2851 fratre
756 2780 869 2877 ele-git
897 2782 965 2853 sibi
994 2781 1213 2853 commilito-

122 2905 204 2977 nea,
233 2892 269 2953 et
294 2880 477 2978 arripiens
501 2884 582 2974 iter.
609 2881 803 2954 Flandriae
822 2882 923 2955 venit
942 2882 978 2953 in
996 2882 1112 2978 fines3
1139 2906 1212 2980 quo

120 2982 312 3080 paululum
341 3006 425 3053 cunr
453 2980 670 3054 marchione
689 2982 868 3055 Balduino
894 2994 1075 3079 moratae,
1104 2995 1140 3055 et
1167 2987 1212 3056 ab

120 3106 165 3154 eo
191 3094 345 3178 rogatus
375 3093 414 3154 ut
440 3083 601 3178 aliquam
628 3093 775 3178 partem
799 3109 890 3156 suae
910 3085 1062 3156 militiae
1082 3108 1211 3155 secum

120 3185 275 3256 duceret
299 3194 453 3279 propter
478 3181 630 3260 insidias
656 3183 841 3279 hostium
877 3185 1010 3279 noluit·
1042 3187 1108 3257 sed
1135 3194 1213 3255 tan-

120 3294 201 3356 tum
225 3282 519 3355 Bononiensinm
548 3306 688 3378 pancos
717 3239 945 3380 assurdpsit
979 3240 1015 3357 el
1042 3284 1212 3357 ascensis

121 3384 307 3483 puppibus
328 3394 464 3456 maret
449 3383 715 3456 transfretavit.
748 3388 795 3456 At
814 3385 872 3456 ubi
892 3385 987 3456 litori
1007 3386 1110 3456 venit
1128 3409 1213 3457 con

121 3485 262 3582 tiguuS,
291 3507 376 3554 mox
396 3488 441 3555 ab
461 3483 685 3555 adversariis
707 3496 764 3556 est
784 3485 944 3582 agnitus.
988 3487 1059 3572 Qui
1086 3509 1214 3556 occur-

122 3597 249 3658 rentes
278 3583 452 3656 volebant
478 3609 564 3656 eum
592 3585 759 3679 adgredi.
786 3589 852 3659 sed
872 3585 997 3658 statim
1018 3587 1079 3658 ille
1099 3609 1214 3682 agno-

122 3711 250 3782 scens,
274 3683 382 3758 iussit
407 3709 525 3757 naves
553 3710 573 3756 a
602 3684 708 3755 litore
732 3685 792 3758 illo
816 3667 956 3784 repelli
988 3687 1068 3758 Alia
1087 3697 1214 3757 autem

123 3785 371 3860 ascendens
363 3809 399 3856 m
416 3785 604 3879 statione
634 3795 791 3857 matrem
813 3791 966 3885 parabat
985 3788 1100 3880 adire,
1128 3786 1215 3858 esti-

123 3912 232 3961 mans
245 3910 448 3962 semnnern
461 3841 676 3956 insidiaimn
694 3887 1035 3982 pestemevasisse.
1053 3888 1217 3958 Verum&

121 4040 293 4106 alitoncdd.
351 4038 569 4111 manatura.
629 4039 810 4106 etminus2.
876 4040 901 4110 d)
922 4042 965 4094 oiu
986 4044 1044 4096 edd.
1121 4041 1216 4110 o-qu

122 4113 217 4165 dor‘t.
294 4114 312 4185 t]
333 4114 443 4185 Regresi
466 4112 488 4167 l.
565 4113 589 4182 g)
609 4128 662 4166 eoa
681 4115 810 4182 quaedum
829 4129 918 4169 eroso.

122 4201 205 4285 27)
198 4221 217 4266 ¹.
241 4224 267 4264 a.
291 4205 431 4270 tattaeus.
