2842 4808
251 366 486 465 onurour's
514 387 651 464 ursis
679 387 842 462 casm.
879 346 1016 462 uum
1043 387 1085 462 u.
1119 367 1120 371 ‘
1166 389 1213 462 aa

120 591 217 662 adeo
246 599 285 660 nt
307 590 445 661 multos
471 587 680 687 principum
701 589 859 684 quadam
880 573 939 660 ‹lie
958 586 1129 663 occidere
1148 611 1215 685 pro
1229 608 1308 664 101⁷.

120 689 337 760 huiusmodi
362 689 446 761 dolo
472 689 626 761 iuberet.
678 688 778 759 lnter
803 686 1069 783 quosEdricus
1089 688 1150 785 qni
1171 699 1217 760 a·

121 790 221 861 bello
250 789 421 884 fugerat,
457 812 544 861 cum
578 787 747 886 praemia
775 812 840 884 pro
868 789 939 859 hoc
966 788 1047 884 ipso
1075 812 1095 860 a
1123 812 1215 884 rege

121 887 350 986 postularet,
378 891 455 960 acsi
485 890 557 960 hoc
582 914 648 986 pro
675 889 755 960 eius
783 887 935 960 victoria
955 887 1122 983 fecisset,
1149 912 1216 960 rex

121 988 353 1061 subtristisl’:
374 990 440 1078 Oui
458 989 639 1061 dominum
654 988 773 1085 inquit
786 994 883 1058 tuum
899 988 1064 1081 decepisti
1071 988 1215 1081 froude,

114 1089 251 1160 mibine
281 1093 416 1182 poteris
449 1088 561 1176 fidelis
588 1089 686 1162 esse?
720 1087 922 1181 Rependnrn
949 1091 1011 1160 tibi
1035 1088 1216 1184 condipnu

117 1190 299 1283 proemio,
326 1189 390 1260 sed
416 1213 459 1260 en
488 1212 531 1259 ne
555 1188 717 1282 deinceps
740 1189 801 1259 tibi
816 1187 962 1282 placent
978 1187 1136 1272 snllntiu.
1171 1189 1216 1259 Et

122 1288 230 1360 Erico
258 1291 352 1360 duce
373 1312 440 1360 suo
461 1297 612 1360 vocato:
638 1289 732 1360 Huic
758 1287 808 1357 ait
836 1287 940 1382 qnod
955 1287 1120 1360 debemus
1137 1312 1216 1380 per-

118 1387 248 1460 solvito
255 1416 269 1479 ,·
295 1388 463 1481 viridiset,
491 1411 627 1460 nenos
651 1389 814 1480 decipiat,
842 1387 1004 1459 occidito.
1040 1387 1106 1458 llle
1125 1410 1215 1459 vero

120 1487 174 1558 nil
189 1497 356 1559 moratus
371 1487 573 1585 bipennem
590 1487 732 1582 extulit,
752 1486 860 1583 eique
874 1487 948 1558 ictu
963 1485 1085 1558 valido
1106 1497 1217 1584 caput

120 1588 343 1684 amputavit,
371 1599 410 1660 ut
437 1588 509 1658 hoc
536 1589 709 1684 exemplo
737 1587 882 1660 discant
906 1586 1043 1658 milites
1062 1585 1215 1683 regibus

121 1687 201 1760 suis
223 1711 310 1760 esse
330 1689 476 1780 fideles,
496 1712 568 1758 nou
589 1688 771 1760 infideles

200 1790 256 1861 16.
293 1789 475 1863 Omnibus
494 1787 618 1884 itaque
638 1788 707 1860 rite
727 1786 930 1882 dispositis,
949 1786 1000 1857 nil
1011 1784 1090 1882 regi
1102 1784 1217 1859 defuit

120 1891 265 1985 absque
286 1888 517 1962 nobilissima
542 1888 722 1985 coniuge,
750 1911 862 1983 quarn
882 1887 1018 1983 ubique
1045 1886 1115 1959 sibi
1141 1886 1216 1958 ius-

122 1988 173 2060 sit
197 1988 400 2085 inquirere,
428 1999 467 2060 ut
490 1987 705 2061 inventam⁰
724 1989 821 2059 hunc
848 1987 1022 2083 legaliter
1046 1987 1229 2083 adquire-

121 2097 193 2183 ret,
213 2099 250 2159 et
268 2093 442 2187 adeptam
463 2088 609 2185 imperii
626 2089 681 2162 sui
695 2098 906 2159 consortem
920 2089 1071 2159 faceret.
1100 2087 1217 2184 lgitur

119 2212 191 2286 per
208 2212 326 2284 regna
346 2199 384 2262 et
402 2206 477 2286 per
489 2193 599 2261 urbes
619 2188 849 2281 discurritur,
869 2198 905 2258 et
923 2188 1061 2282 regalis
1074 2211 1214 2284 sponsa

119 2289 367 2385 perquiritur,
395 2290 462 2362 sed
482 2289 592 2384 longe
610 2290 762 2387 lateque'
780 2288 964 2384 quaesita,
983 2287 1043 2357 vix
1061 2291 1215 2360 tandem

73 2400 77 2405 ’
121 2388 234 2484 digna
261 2390 483 2487 repperitur.
536 2390 691 2461 luventa
712 2400 768 2461 est
788 2412 877 2459 vero
895 2389 991 2459 haec
1010 2386 1214 2483 imperialis

122 2512 265 2586 sponsa
293 2489 330 2560 in
358 2487 572 2562 confinitate
595 2489 738 2561 Galliae
767 2497 804 2559 et
831 2487 1032 2585 praecipue
1060 2489 1096 2558 iu
1123 2489 1214 2559 Nor·

120 2590 320 2661 mandensi
339 2587 578 2688 regionem,
598 2591 713 2686 stirpe
733 2599 770 2661 et
788 2589 919 2685 opibus
939 2586 1136 2681 ditissima,
1156 2597 1215 2660 set
1226 2617 1254 2664 18

119 2700 249 2761 tamen
271 2689 553 2785 pulchritudinis
574 2700 611 2761 et
630 2691 848 2786 prudentiae
867 2687 1115 2761 delectamine
1136 2711 1214 2758 orn-
1271 2765 1273 2771 ,

121 2789 226 2860 nium
246 2789 327 2861 eius
347 2801 560 2887 temporum
586 2790 783 2860 mulierum
810 2787 1125 2886 prudentissima,
1159 2797 1215 2859 ut·

120 2899 211 2988 pote
236 2889 366 2984 regina
393 2893 551 2964 famosa.
587 2889 742 2986 Propter
769 2888 1028 2960 huiuscemodi
1052 2887 1216 2984 insignia

122 2989 283 3062 multum
302 2996 548 3087 appetebatur
566 3014 703 3086 aroge,
723 3000 760 3062 et
770 3013 835 3087 pro
846 2989 1104 3085 hocprecipue
1117 2989 1215 3085 quod

123 3099 206 3163 erat
224 3089 379 3162 oriunda
399 3116 444 3164 ex
463 3089 604 3163 victrici
622 3102 750 3187 gente,
769 3114 841 3187 que
861 3088 1085 3186 sibipartem
1096 3086 1215 3160 Gallie

122 3189 389 3263 vendicaverat
407 3191 554 3263 iuvitis⁰
572 3191 812 3288 Francigenis
834 3201 871 3261 et
889 3214 1020 3260 eorum
1036 3186 1215 3285 principe.

123 3289 220 3378 Quid
240 3290 367 3362 multis
386 3291 590 3364 immoror?
615 3292 809 3363 Mittuntur
826 3289 928 3387 proci
949 3292 993 3360 ad
1013 3287 1216 3383 dominam,

122 3391 320 3463 mittuntur
345 3392 440 3465 dona
466 3390 628 3488 regalia,
656 3392 849 3463 mittuntur
874 3389 930 3462 etf
955 3392 1070 3461 verba
1087 3412 1217 3486 preca-

121 3491 227 3563 toria.
259 3491 332 3564 Sed
349 3495 511 3589 abnegat
525 3493 599 3587 illa,
619 3515 661 3563 se
678 3504 864 3589 unquamg
883 3489 1088 3564 Chnutouis
1104 3514 1216 3586 spon-

122 3615 204 3664 sam
223 3590 318 3686 lieri,
344 3591 415 3662 nisi
443 3593 491 3664 illi
511 3593 726 3664 iusiurando
755 3593 972 3686 affirmaret,
1000 3592 1095 3688 quod
1122 3613 1216 3660 nun-

122 3743 146 3813 a)
171 3745 207 3797 itu
233 3747 311 3809 edd.,·
338 3753 365 3797 et
390 3745 417 3796 2.
510 3745 536 3815 b)
557 3745 700 3797 substritus
719 3745 746 3798 2.
839 3745 862 3812 c)
881 3750 918 3798 itu
940 3743 967 3804 l;
992 3744 1128 3796 iuuentam
1156 3744 1215 3795 edu.

123 3819 151 3881 d)
171 3835 205 3872 ne
224 3818 305 3886 stirpe
324 3833 406 3886 usque
425 3818 547 3871 voluntas
566 3818 636 3886 regis
656 3822 810 3872 enciderunt
828 3822 855 3871 in
878 3817 901 3870 l.
920 3819 966 3871 ubi
982 3821 1009 3870 in
1027 3817 1152 3870 sebedulu
1170 3819 1217 3867 tn·-

122 3893 162 3942 ter
180 3896 366 3959 nienterniones
384 3894 481 3958 scripto
499 3891 585 3958 fnisse
604 3893 732 3958 obtentur,
754 3893 813 3944 durn
833 3892 906 3959 regio
922 3895 949 3944 in
963 3888 1214 3960 bnequuternionte‚

122 3968 148 4012 et
166 3963 204 4014 sic
217 3961 273 4014 lleo
292 3963 391 4031 gratias
411 3968 437 4016 et
456 3968 557 4033 reb'qun
576 3968 603 4016 in
622 3969 741 4032 repetenti
759 3970 836 4034 utque
855 3968 909 4019 ub'u
924 3962 1215 4030 niuntrerriptutenun-

121 4037 179 4096 tun·
196 4037 294 4090 adsunt
312 4038 339 4088 tn
359 4037 418 4089 edd.
439 4037 508 4091 Μ.
575 4035 599 4105 e)
619 4035 723 4088 invictis
742 4036 769 4089 2.
832 4037 954 4105 octium
974 4038 1034 4108 edd.
1095 4031 1120 4103 Β)
1139 4048 1213 4089 nun·

120 4121 199 4176 quam
219 4107 246 4160 2.
280 4129 282 4134 ¹
347 4133 349 4136 >

123 4194 171 4277 18)
195 4217 260 4276 quo
282 4198 367 4278 apud
390 4197 516 4271 fratrem
541 4206 700 4259 moratura
723 4199 852 4262 abierat.
